@article{chowell2004basic,
  title={{The basic reproductive number of Ebola and the effects of public health measures: the cases of Congo and Uganda}},
  author={Chowell, Gerardo and Hengartner, Nick W and Castillo-Chavez, Carlos and Fenimore, Paul W and Hyman, JM},
  journal={Journal of Theoretical Biology},
  volume={229},
  number={1},
  pages={119--126},
  year={2004},
  publisher={Elsevier}
}


@article{newman2002spread,
  title={{The spread of epidemic disease on networks}},
  author={Newman, Mark EJ},
  journal={Physical review E},
  volume={66},
  number={1},
  pages={016128},
  year={2002},
  publisher={APS}
}


@article{legrand2007understanding,
  title={{Understanding the dynamics of Ebola epidemics}},
  author={Legrand, J and Grais, RF and Boelle, PY and Valleron, AJ and Flahault, A},
  journal={Epidemiology and infection},
  volume={135},
  number={04},
  pages={610--621},
  year={2007},
  publisher={Cambridge Univ Press}
}


@article{keeling2005networks,
  title={{Networks and epidemic models}},
  author={Keeling, Matt J and Eames, Ken TD},
  journal={Journal of the Royal Society Interface},
  volume={2},
  number={4},
  pages={295--307},
  year={2005},
  publisher={The Royal Society}
}

@article{meyers2005network,
  title={{Network theory and SARS: predicting outbreak diversity}},
  author={Meyers, Lauren Ancel and Pourbohloul, Babak and Newman, Mark EJ and Skowronski, Danuta M and Brunham, Robert C},
  journal={Journal of theoretical biology},
  volume={232},
  number={1},
  pages={71--81},
  year={2005},
  publisher={Elsevier}
}


@article{meltzer2014estimating,
  title={{Estimating the future number of cases in the Ebola epidemic - Liberia and Sierra Leone, 2014-2015}},
  author={Meltzer, Martin I and Atkins, Charisma Y and Santibanez, Scott and Knust, Barbara and Petersen, Brett W and Ervin, Elizabeth D and Nichol, Stuart T and Damon, Inger K and Washington, Michael L},
  journal={Morb Mortal Wkly Rep},
  volume={63},
  pages={1--14},
  year={2014}
}

@inproceedings{myers2012information,
  title={{Information diffusion and external influence in networks}},
  author={Myers, Seth A and Zhu, Chenguang and Leskovec, Jure},
  booktitle={{Proceedings of the 18th ACM SIGKDD international conference on Knowledge discovery and data mining}},
  pages={33--41},
  year={2012},
  organization={ACM}
}


@book{easley2010networks,
  title={{Networks, crowds, and markets: Reasoning about a highly connected world}},
  author={Easley, David and Kleinberg, Jon},
  year={2010},
  publisher={Cambridge University Press}
}


@article{very_old_paper,
  title={{Contributions to the mathematical theory of epidemics. II. The problem of endemicity}},
  author={Kermack, William O and McKendrick, Anderson G},
  journal={Proceedings of the Royal society of London. Series A},
  volume={138},
  number={834},
  pages={55--83},
  year={1932},
  publisher={The Royal Society}
}


@article{gillespie1976general,
  title={{A general method for numerically simulating the stochastic time evolution of coupled chemical reactions}},
  author={Gillespie, Daniel T},
  journal={Journal of computational physics},
  volume={22},
  number={4},
  pages={403--434},
  year={1976},
  publisher={Elsevier}
}

@article{gomes2014assessing,
  title={{Assessing the international spreading risk associated with the 2014 West African Ebola outbreak}},
  author={Gomes, MF and Piontti, AP and Rossi, Luca and Chao, Dennis and Longini, Ira and Halloran, M Elizabeth and Vespignani, Alessandro},
  journal={PLoS Currents Outbreaks},
  year={2014}
}

@misc{cmriversdata,
  title={{Data for the 2014 Ebola outbeak in West Africa}},
  author={Caitlin Rivers},
  year="2014",
  url="https://github.com/cmrivers/ebola",
  note="[Online; accessed 15-October-2014]"
}
