%% This BibTeX bibliography file was created using BibDesk.
%% http://bibdesk.sourceforge.net/


%% Created for Romit Singhai at 2014-12-09 07:39:33 -0800 


%% Saved with string encoding Unicode (UTF-8) 



@article{chowell2004basic,
	Author = {Chowell, Gerardo and Hengartner, Nick W and Castillo-Chavez, Carlos and Fenimore, Paul W and Hyman, JM},
	Journal = {Journal of Theoretical Biology},
	Number = {1},
	Pages = {119--126},
	Publisher = {Elsevier},
	Title = {{The basic reproductive number of Ebola and the effects of public health measures: the cases of Congo and Uganda}},
	Volume = {229},
	Year = {2004}}

@article{newman2002spread,
	Author = {Newman, Mark EJ},
	Journal = {Physical review E},
	Number = {1},
	Pages = {016128},
	Publisher = {APS},
	Title = {{The spread of epidemic disease on networks}},
	Volume = {66},
	Year = {2002}}

@article{legrand2007understanding,
	Author = {Legrand, J and Grais, RF and Boelle, PY and Valleron, AJ and Flahault, A},
	Journal = {Epidemiology and infection},
	Number = {04},
	Pages = {610--621},
	Publisher = {Cambridge Univ Press},
	Title = {{Understanding the dynamics of Ebola epidemics}},
	Volume = {135},
	Year = {2007}}

@article{keeling2005networks,
	Author = {Keeling, Matt J and Eames, Ken TD},
	Journal = {Journal of the Royal Society Interface},
	Number = {4},
	Pages = {295--307},
	Publisher = {The Royal Society},
	Title = {{Networks and epidemic models}},
	Volume = {2},
	Year = {2005}}

@article{meyers2005network,
	Author = {Meyers, Lauren Ancel and Pourbohloul, Babak and Newman, Mark EJ and Skowronski, Danuta M and Brunham, Robert C},
	Journal = {Journal of theoretical biology},
	Number = {1},
	Pages = {71--81},
	Publisher = {Elsevier},
	Title = {{Network theory and SARS: predicting outbreak diversity}},
	Volume = {232},
	Year = {2005}}

@article{meltzer2014estimating,
	Author = {Meltzer, Martin I and Atkins, Charisma Y and Santibanez, Scott and Knust, Barbara and Petersen, Brett W and Ervin, Elizabeth D and Nichol, Stuart T and Damon, Inger K and Washington, Michael L},
	Journal = {Morb Mortal Wkly Rep},
	Pages = {1--14},
	Title = {{Estimating the future number of cases in the Ebola epidemic - Liberia and Sierra Leone, 2014-2015}},
	Volume = {63},
	Year = {2014}}

@inproceedings{myers2012information,
	Author = {Myers, Seth A and Zhu, Chenguang and Leskovec, Jure},
	Booktitle = {{Proceedings of the 18th ACM SIGKDD international conference on Knowledge discovery and data mining}},
	Organization = {ACM},
	Pages = {33--41},
	Title = {{Information diffusion and external influence in networks}},
	Year = {2012}}

@book{easley2010networks,
	Author = {Easley, David and Kleinberg, Jon},
	Publisher = {Cambridge University Press},
	Title = {{Networks, crowds, and markets: Reasoning about a highly connected world}},
	Year = {2010}}

@article{very_old_paper,
	Author = {Kermack, William O and McKendrick, Anderson G},
	Journal = {Proceedings of the Royal society of London. Series A},
	Number = {834},
	Pages = {55--83},
	Publisher = {The Royal Society},
	Title = {{Contributions to the mathematical theory of epidemics. II. The problem of endemicity}},
	Volume = {138},
	Year = {1932}}

@article{gillespie1976general,
	Author = {Gillespie, Daniel T},
	Journal = {Journal of computational physics},
	Number = {4},
	Pages = {403--434},
	Publisher = {Elsevier},
	Title = {{A general method for numerically simulating the stochastic time evolution of coupled chemical reactions}},
	Volume = {22},
	Year = {1976}}

@article{gomes2014assessing,
	Author = {Gomes, MF and Piontti, AP and Rossi, Luca and Chao, Dennis and Longini, Ira and Halloran, M Elizabeth and Vespignani, Alessandro},
	Journal = {PLoS Currents Outbreaks},
	Title = {{Assessing the international spreading risk associated with the 2014 West African Ebola outbreak}},
	Year = {2014}}

@misc{cmriversdata,
	Author = {Caitlin Rivers},
	Note = {[Online; accessed 15-October-2014]},
	Title = {{Data for the 2014 Ebola outbeak in West Africa}},
	Url = {https://github.com/cmrivers/ebola},
	Year = {2014},
	Bdsk-Url-1 = {https://github.com/cmrivers/ebola}}

@misc{uncomtradedata,
	Author = {United{\ }Nations},
	Note = {[Online; accessed 6-November-2014]},
	Title = {{United Nations Commodity Trade Statistics Database}},
	Url = {http://comtrade.un.org/data/},
	Year = {2014},
	Bdsk-Url-1 = {http://comtrade.un.org/data/}}

@misc{ciatotalexports,
	Author = {Central{\ }Intelligence{\ }Agency},
	Note = {[Online; accessed 6-November-2014]},
	Title = {{The World Factbook 2013-14: Country Comparison: Exports}},
	Url = {https://www.cia.gov/library/publications/the-world-factbook/rankorder/2078rank.html},
	Year = {2013},
	Bdsk-Url-1 = {https://www.cia.gov/library/publications/the-world-factbook/rankorder/2078rank.html}}

@misc{cialandboundaries,
	Author = {Central{\ }Intelligence{\ }Agency},
	Note = {[Online; accessed 18-November-2014]},
	Title = {{The World Factbook 2013-14: Field Listing: Land Boundaries}},
	Url = {https://www.cia.gov/library/publications/the-world-factbook/fields/2096.html},
	Year = {2013},
	Bdsk-Url-1 = {https://www.cia.gov/library/publications/the-world-factbook/fields/2096.html}}

@misc{ciapopulation,
	Author = {Central{\ }Intelligence{\ }Agency},
	Note = {[Online; accessed 18-November-2014]},
	Title = {{The World Factbook 2013-14: Country Comparison: Population}},
	Url = {https://www.cia.gov/library/publications/the-world-factbook/rankorder/rawdata_2119.txt},
	Year = {2013},
	Bdsk-Url-1 = {https://www.cia.gov/library/publications/the-world-factbook/rankorder/rawdata_2119.txt}}

@misc{statnord,
	Author = {SCB and Statistisk{\ }sentralbyr√• and Danmarks{\ }Statistik},
	Note = {[Online; accessed 18-November-2014]},
	Title = {{StatNord: Nordic Population Statistics Database}},
	Url = {https://www.h2.scb.se/grs/Statistics.aspx},
	Year = {2013},
	Bdsk-Url-1 = {https://www.h2.scb.se/grs/Statistics.aspx}}

@misc{worldbankinboundtourism,
	Author = {The{\ }World{\ }Bank},
	Note = {[Online; accessed 11-November-2014]},
	Title = {{International tourism, number of arrivals}},
	Url = {http://data.worldbank.org/indicator/ST.INT.ARVL},
	Year = {2014},
	Bdsk-Url-1 = {http://data.worldbank.org/indicator/ST.INT.ARVL}}

@misc{worldbankoutboundtourism,
	Author = {The{\ }World{\ }Bank},
	Note = {[Online; accessed 12-November-2014]},
	Title = {{International tourism, number of departures}},
	Url = {http://data.worldbank.org/indicator/ST.INT.DPRT},
	Year = {2014},
	Bdsk-Url-1 = {http://data.worldbank.org/indicator/ST.INT.DPRT}}

@misc{unwtooutboundtourism,
	Author = {UN{\ }World{\ }Tourism{\ }Organization},
	Note = {[Online; accessed 12-November-2014]},
	Title = {{Outbound tourism data (calculated on the basis of arrivals data in destination countries)}},
	Url = {http://statistics.unwto.org/content/outbound-tourism-data-calculated-basis-arrivals-data-destination-countries},
	Year = {2014},
	Bdsk-Url-1 = {http://statistics.unwto.org/content/outbound-tourism-data-calculated-basis-arrivals-data-destination-countries}}

@misc{worldbankairpassengers,
	Author = {The{\ }World{\ }Bank},
	Note = {[Online; accessed 12-November-2014]},
	Title = {{Air transport, passengers carried}},
	Url = {http://data.worldbank.org/indicator/IS.AIR.PSGR},
	Year = {2014},
	Bdsk-Url-1 = {http://data.worldbank.org/indicator/IS.AIR.PSGR}}

@misc{usinboundtourists,
	Author = {US{\ }Office{\ }of{\ }Travel{\ }\&{\ }Tourism{\ }Industries},
	Note = {[Online; accessed 6-November-2014]},
	Title = {{2013 Monthly Tourism Statistics}},
	Url = {http://travel.trade.gov/view/m-2013-I-001/table1.html},
	Year = {2013},
	Bdsk-Url-1 = {http://travel.trade.gov/view/m-2013-I-001/table1.html}}

@article{barthelemy2011spatial,
	Author = {Barth{\'e}lemy, Marc},
	Journal = {Physics Reports},
	Number = {1},
	Pages = {1--101},
	Publisher = {Elsevier},
	Title = {Spatial networks},
	Volume = {499},
	Year = {2011}}

@misc{topcoderdata,
	Author = {{UCI Machine Learning Repository}},
	Note = {[Online; accessed 12-November-2014]},
	Title = {{Social Network from TopCoder's Epidemic Contest}},
	Url = {http://networkdata.ics.uci.edu/data.php?id=108},
	Year = {2008},
	Bdsk-Url-1 = {http://networkdata.ics.uci.edu/data.php?id=108}}

@article{balcan2010modeling,
	Author = {Balcan, Duygu and Gon{\c{c}}alves, Bruno and Hu, Hao and Ramasco, Jos{\'e} J and Colizza, Vittoria and Vespignani, Alessandro},
	Journal = {Journal of computational science},
	Number = {3},
	Pages = {132--145},
	Publisher = {Elsevier},
	Title = {Modeling the spatial spread of infectious diseases: The GLobal Epidemic and Mobility computational model},
	Volume = {1},
	Year = {2010}}

@article{grais2003assessing,
	Author = {Grais, Rebecca F and Ellis, J Hugh and Glass, Gregory E},
	Journal = {European journal of epidemiology},
	Number = {11},
	Pages = {1065--1072},
	Publisher = {Springer},
	Title = {Assessing the impact of airline travel on the geographic spread of pandemic influenza},
	Volume = {18},
	Year = {2003}}

	
@inproceedings{malewicz2010pregel,
  title={Pregel: a system for large-scale graph processing},
  author={Malewicz, Grzegorz and Austern, Matthew H and Bik, Aart JC and Dehnert, James C and Horn, Ilan and Leiser, Naty and Czajkowski, Grzegorz},
  booktitle={Proceedings of the 2010 ACM SIGMOD International Conference on Management of data},
  pages={135--146},
  year={2010},
  organization={ACM}
}

@inproceedings{xin2013graphx,
  title={Graphx: A resilient distributed graph system on spark},
  author={Xin, Reynold S and Gonzalez, Joseph E and Franklin, Michael J and Stoica, Ion},
  booktitle={First International Workshop on Graph Data Management Experiences and Systems},
  pages={2},
  year={2013},
  organization={ACM}
}
